<?xml version="1.0" encoding="UTF-8"?><collection><record><leader>06226ntm a2200529 a 4500</leader><controlfield tag="001">006814957</controlfield><controlfield tag="003">MiAaHDL</controlfield><controlfield tag="005">20200910000000.0</controlfield><controlfield tag="006">m        d        </controlfield><controlfield tag="007">cr bn ---auaua</controlfield><controlfield tag="008">090610q14801520xx            00| ||ara d</controlfield><datafield tag="035" ind1=" " ind2=" "><subfield code="a">(MiU)006814957</subfield></datafield><datafield tag="035" ind1=" " ind2=" "><subfield code="a">sdr-miu006814957</subfield></datafield><datafield tag="040" ind1=" " ind2=" "><subfield code="a">MiU</subfield><subfield code="c">MiU</subfield><subfield code="e">amremm</subfield></datafield><datafield tag="041" ind1="1" ind2=" "><subfield code="a">ara</subfield><subfield code="a">ota</subfield><subfield code="h">ara</subfield></datafield><datafield tag="043" ind1=" " ind2=" "><subfield code="a">n-us-mi</subfield></datafield><datafield tag="100" ind1="1" ind2=" "><subfield code="6">880-01</subfield><subfield code="a">Būṣīrī, Sharaf al-Dīn Muḥammad ibn Saʻīd,</subfield><subfield code="d">1213?-1296?</subfield></datafield><datafield tag="240" ind1="1" ind2="0"><subfield code="6">880-02</subfield><subfield code="a">Burdah.</subfield><subfield code="l">Turkish &amp; Arabic</subfield></datafield><datafield tag="245" ind1="1" ind2="3"><subfield code="6">880-03</subfield><subfield code="a">[al-Kawākib al-durrīyah fī madḥ khayr al-barīyah,</subfield><subfield code="f">late 15th or early 16th century?].</subfield></datafield><datafield tag="260" ind1=" " ind2=" "><subfield code="c">[1480-1520?].</subfield></datafield><datafield tag="300" ind1=" " ind2=" "><subfield code="a">18 leaves :</subfield><subfield code="b">paper ;</subfield><subfield code="c">251 x 170 (131-180 x 77-120) mm.</subfield></datafield><datafield tag="500" ind1=" " ind2=" "><subfield code="a">Shelfmark: Ann Arbor, University of Michigan, Special Collections Research Center, Isl. Ms. 446</subfield></datafield><datafield tag="500" ind1=" " ind2=" "><subfield code="a">Origin: Lacks dated colophon ; perhaps late 15th or early 16th century as suggested by paper and hand.</subfield></datafield><datafield tag="500" ind1=" " ind2=" "><subfield code="a">Binding: Pasteboards covered in dark red leather ; Type II binding (with flap) ; doublures and interior of flap in dark green leather ; hinges in blue paper cut with scalloped design ; upper and lower covers bear large stamped and gold-painted scalloped mandorla with pendants (compare Déroche class. OAi 10) as well as gilt roll border consisting of a series of s-shaped stamps ; design continues on envelope flap ; upper and lower doublures carry tooled and gold-painted outline of scalloped mandorla and gold-painted rule border ; sewn in black thread, four stations ; endbands lacking ; in fair condition with much abrasion, staining, and lefiting of leather at edges and on spine ; some delamination of boards.</subfield></datafield><datafield tag="500" ind1=" " ind2=" "><subfield code="a">Support: mainly Arab laid paper of perhaps two types, each with roughly 8 laid lines per cm. (horizontal, fairly indistinct with some curving) and chain lines (vertical) grouped in threes, in one type spaced roughly 12-14 mm. apart with 30 mm. between groups (see p.4, etc.) and in another type spaced roughly 12 mm. apart with 38-40 mm. between the groups (see p.36, etc.), inclusions visible, sturdy, medium cream in color, burnished ; leaf carrying pp.23-24 delaminating at upper outer corner ; back flyleaf in heavy laid European paper with chain lines oriented horizontally spaced roughly 30 mm. and laid lines oriented vertically, quite distinct and spaced roughly 8-9 laid lines per mm. ; front flyleaf in smooth, thin European laid paper with chain lines oriented horizontally spaced roughly 25 mm. apart, laid lines very fine and faint, difficult to measure, watermark partially visible (lion rampant in shield).</subfield></datafield><datafield tag="500" ind1=" " ind2=" "><subfield code="a">Decoration: Textual dividers in the form of gold rosettes appear in preface and throughout the text of the poem and its translation, often appearing between the saṭr and ʻajuz for each bayt ; written area of preface (pp.2-3) bordered in frame consisting of gold band outlined by black fillets ; partially rubricated with final words of the ʻajuz for each bayt occasionally in red.</subfield></datafield><datafield tag="500" ind1=" " ind2=" "><subfield code="a">Script: Very fine calligraphy ; saṭr and first words of ʻajuz for each bayt in thuluth, final words of ʻajuz in tawqīʻ ; text of preface and elucidation in fine Ottoman naskh with right-sloping head serifs on lām of definite article and other ascenders apart from free-standing alif, gentle slant to the left ; preface, text of poem and elucidation fully vocalized.</subfield></datafield><datafield tag="500" ind1=" " ind2=" "><subfield code="a">Layout: Written in 10-14 lines per page, 5 lines of the poem and 5-9 of the amplification, with the saṭr and first few words of the ʻajuz of each bayt filling the column width horizontally and the remainder of the ʻajuz appended diagonally, the elucidation in Turkish appearing on the following line or occasionally the following two lines centered below the saṭr and first few words of the ʻajuz ; frame-ruled (impression of ruling board cearly evident).</subfield></datafield><datafield tag="500" ind1=" " ind2=" "><subfield code="a">Collation: i, III(6), VI(18), i ; catchwords present, but only partially visible or completely cut off ; pagination in pencil, Western numerals, supplied during cataloguing.</subfield></datafield><datafield tag="500" ind1=" " ind2=" "><subfield code="a">Explicit: "ما رنحت عذبات البان ريح صبا واطرب ...العيس حادي العيس بالنغم وصلى الله على خير خلقه محمد واله الطيبين الطاهرين وسلم تسليما"</subfield></datafield><datafield tag="500" ind1=" " ind2=" "><subfield code="a">Incipit: "قال الشيخ الامام العالم حجة الادب لسان العرب قدوة الانام بقية السلف الكرام شرف الدين ابو عبد الله محمد بن سعيد البوصيري رحمه الله سبب انشاء هذه القصيدة المباركة اني كنت قد اصابني خلط فالج ابطل نصفي ... وبه ثقتي وعليه التكلان من الخدلان امن تذكر جيران بذي سلم مزجت دمعا جرى من مقلة بدم اكد كمى ذى سلمدگى اهل وجيرتى كم قان ياش اغلمق كوزكك اولدى عادتى"</subfield></datafield><datafield tag="500" ind1=" " ind2=" "><subfield code="a">Title supplied by cataloguer.</subfield></datafield><datafield tag="500" ind1=" " ind2=" "><subfield code="a">Ms. codex.</subfield></datafield><datafield tag="510" ind1="4" ind2=" "><subfield code="a">Brockelmann, C. GAL,</subfield><subfield code="c">I, 264 ; 265.</subfield></datafield><datafield tag="520" ind1="8" ind2=" "><subfield code="a">Fine copy of al-Būṣīrī's poem in praise of the Prophet accompanied by elucidation in Turkish ; opens with preface (see pp.2-3).</subfield></datafield><datafield tag="538" ind1=" " ind2=" "><subfield code="a">Mode of access: Internet.</subfield></datafield><datafield tag="541" ind1=" " ind2=" "><subfield code="c">Purchase ;</subfield><subfield code="a">Acquired by purchase (funds donated by Horace Rackham).</subfield><subfield code="d">1924.</subfield></datafield><datafield tag="546" ind1=" " ind2=" "><subfield code="a">Arabic and Ottoman Turkish.</subfield></datafield><datafield tag="561" ind1=" " ind2=" "><subfield code="a">Inventory marks include paper label pasted on spine, on front flyleaf in pencil "333 T. De M. [i.e. Tammaro De Marinis]", and on p.1 in pencil "30".</subfield></datafield><datafield tag="600" ind1="0" ind2="0"><subfield code="a">Muḥammad,</subfield><subfield code="c">Prophet,</subfield><subfield code="d">-632</subfield><subfield code="v">Poetry</subfield><subfield code="v">Early works to 1800.</subfield></datafield><datafield tag="650" ind1=" " ind2="0"><subfield code="a">Manuscripts, Turkish</subfield><subfield code="z">Michigan</subfield><subfield code="z">Ann Arbor.</subfield></datafield><datafield tag="650" ind1=" " ind2="0"><subfield code="a">Manuscripts, Arabic</subfield><subfield code="z">Michigan</subfield><subfield code="z">Ann Arbor.</subfield></datafield><datafield tag="700" ind1="0" ind2=" "><subfield code="a">Abdülhamid</subfield><subfield code="b">II,</subfield><subfield code="c">Sultan of the Turks,</subfield><subfield code="d">1842-1918,</subfield><subfield code="e">former owner.</subfield></datafield><datafield tag="773" ind1="0" ind2=" "><subfield code="a">Abdul Hamid Collection.</subfield></datafield><datafield tag="880" ind1="1" ind2="2"><subfield code="6">245-03/</subfield><subfield code="a">[الكواكب الدرية في مدح خير البرية,</subfield><subfield code="f">اواخر القرن 15 او اوائل القرن 17م؟].</subfield></datafield><datafield tag="880" ind1="1" ind2="0"><subfield code="6">240-02/</subfield><subfield code="a">بردة</subfield></datafield><datafield tag="880" ind1="1" ind2=" "><subfield code="6">100-01/</subfield><subfield code="a">بوصيري، شرف الدين محمد بن سعيد.</subfield></datafield><datafield tag="CID" ind1=" " ind2=" "><subfield code="a">006814957</subfield></datafield><datafield tag="DAT" ind1="0" ind2=" "><subfield code="a">20200910040215.0</subfield><subfield code="b">20200910000000.0</subfield></datafield><datafield tag="DAT" ind1="1" ind2=" "><subfield code="a">20200910090506.0</subfield><subfield code="b">2020-09-10T16:16:28Z</subfield></datafield><datafield tag="DAT" ind1="2" ind2=" "><subfield code="a">2015-10-02T18:00:03Z</subfield></datafield><datafield tag="CAT" ind1=" " ind2=" "><subfield code="a">SDR-MIU</subfield><subfield code="d">EX LIBRIS - ALEPH</subfield><subfield code="l">prepare.pl-004-008</subfield></datafield><datafield tag="FMT" ind1=" " ind2=" "><subfield code="a">BK</subfield></datafield><datafield tag="HOL" ind1=" " ind2=" "><subfield code="0">sdr-miu006814957</subfield><subfield code="a">MiU</subfield><subfield code="b">SDR</subfield><subfield code="c">MIU</subfield><subfield code="p">mdp.39015079129220</subfield><subfield code="s">MIU</subfield><subfield code="1">006814957</subfield></datafield><datafield tag="974" ind1=" " ind2=" "><subfield code="b">MIU</subfield><subfield code="c">MIU</subfield><subfield code="d">20200910</subfield><subfield code="s">lit-dlps-dc</subfield><subfield code="u">mdp.39015079129220</subfield><subfield code="y">1520</subfield><subfield code="r">pd</subfield><subfield code="q">bib</subfield><subfield code="t">non-US bib date2 &lt; 1896</subfield></datafield></record></collection>